@article{blues,
  author    = {Nikhil Bansal and
               Daniel Dadush and
               Shashwat Garg and
               Shachar Lovett},
  title     = {The Gram-Schmidt Walk: {A} Cure for the Banaszczyk Blues},
  journal   = {CoRR},
  volume    = {abs/1708.01079},
  year      = {2017},
  url       = {http://arxiv.org/abs/1708.01079},
  eprinttype = {arXiv},
  eprint    = {1708.01079},
  timestamp = {Tue, 15 Feb 2022 07:54:27 +0100},
  biburl    = {https://dblp.org/rec/journals/corr/abs-1708-01079.bib},
  bibsource = {dblp computer science bibliography, https://dblp.org}
}

@article{harshaw2019balancing,
  title={Balancing covariates in randomized experiments with the Gram--Schmidt Walk design},
  author={Harshaw, Christopher and S{\"a}vje, Fredrik and Spielman, Daniel and Zhang, Peng},
  journal={arXiv preprint arXiv:1911.03071},
  year={2019}
}

@article{morgan2012rerandomization,
  title={Rerandomization to improve covariate balance in experiments},
  author={Morgan, Kari Lock and Rubin, Donald B},
  journal={The Annals of Statistics},
  volume={40},
  number={2},
  pages={1263--1282},
  year={2012},
  publisher={Institute of Mathematical Statistics}
}

@article{bertsimas2015power,
  title={The power of optimization over randomization in designing experiments involving small samples},
  author={Bertsimas, Dimitris and Johnson, Mac and Kallus, Nathan},
  journal={Operations Research},
  volume={63},
  number={4},
  pages={868--876},
  year={2015},
  publisher={INFORMS}
}

@article{krieger2019nearly,
  title={Nearly random designs with greatly improved balance},
  author={Krieger, Abba M and Azriel, David and Kapelner, Adam},
  journal={Biometrika},
  volume={106},
  number={3},
  pages={695--701},
  year={2019},
  publisher={Oxford University Press}
}


@article{construct,
author = {Dadush, Daniel and Garg, Shashwat and Lovett, Shachar and Nikolov, Aleksandar},
year = {2016},
month = {12},
pages = {},
title = {Towards a Constructive Version of Banaszczyk's Vector Balancing Theorem}
}

@article{freedman1975tail,
  title={On tail probabilities for martingales},
  author={Freedman, David A},
  journal={the Annals of Probability},
  pages={100--118},
  year={1975},
  publisher={JSTOR}
}

@book{spencer1994ten,
  title={Ten lectures on the probabilistic method},
  author={Spencer, Joel},
  year={1994},
  publisher={SIAM}
}

@book{talagrand2005generic,
  title={The generic chaining: upper and lower bounds of stochastic processes},
  author={Talagrand, Michel},
  year={2005},
  publisher={Springer Science \& Business Media}
}

@article{neumann1928theorie,
  title={Zur theorie der gesellschaftsspiele},
  author={Neumann, J v},
  journal={Mathematische annalen},
  volume={100},
  number={1},
  pages={295--320},
  year={1928},
  publisher={Springer}
}


% ----------------------------------------- Additional links for the presentation

@misc{REF:85,
    author = "{Wikipedia contributors}",
    title = "Taxicab geometry --- {Wikipedia}{,} The Free Encyclopedia",
    year = "2019",
    url = "https://en.wikipedia.org/w/index.php?title=Taxicab_geometry&oldid=894771516",
    note = "[Online; accessed 21-May-2019]"
}


% Good pictures can be found here
% https://link.springer.com/chapter/10.1007/978-3-642-39686-1_5

@Manual{Inkscape,
  author = {{Inkscape Project}},
  title = {Inkscape},
  url = {https://inkscape.org},
  version = {0.92.4},
  date = {2019}
}
